@article{MM24,
	author = {https://www.google.ba/search?tbo=p&tbm=bks&q=bibliogroup:%22Chapman+%26+Hall/CRC+data+science+series%22&source=gbs_metadata_r&cad=1},
	url = {https://doi.org/10.1162/rest_a_01456},
	
	title = {Basketball Data Science: With Applications in R},
	year = {2020}}

@article{EMM21,
	author = {Erik Eyster and Kristof Madarasz and Pascal Michaillat},
	url = {https://doi.org/10.1093/jeea/jvaa041},
	journal = {Journal of the European Economic Association},
	number = {3},
	pages = {1853--1898},
	title = {Pricing under Fairness Concerns},
	volume = {19},
	year = {2021}}

